
@article{frey2012,
	title = {Extinction in neutrally stable stochastic Lotka-Volterra models},
	author = {A. Dobrinevski, E. Frey},
	journal = {Phys. Rev. E},
	volume = {85},
	pages = {}
	number = {051903},
	year = {2012},
	doi = {10.1103/PhysRevE.85.051903},
	url = {}
}

@article{khasminskij1968,
	title = {},
	author = {R. Z. Khasminskij},
	journal = {Kybernetika},
	volume = {4},
	pages = {260-279}
	number = {},
	year = {1968},
	doi = {},
	url = {}
}